<record><leader>00000cas a22000007a 4500</leader><controlfield tag="001">22333471</controlfield><controlfield tag="008">900905d19691971ohuwr ne      0    0eng d</controlfield><datafield ind1=" " ind2=" " tag="010"><subfield code="a">sn 90068438 </subfield></datafield><datafield ind1=" " ind2=" " tag="040"><subfield code="a">ONP</subfield><subfield code="b">eng</subfield><subfield code="c">ONP</subfield><subfield code="d">OCLCQ</subfield></datafield><datafield ind1=" " ind2=" " tag="042"><subfield code="a">msc</subfield></datafield><datafield ind1="0" ind2=" " tag="130"><subfield code="a">West Side sun news (Cleveland, Ohio : 1969)</subfield></datafield><datafield ind1="1" ind2="0" tag="245"><subfield code="a">West Side sun news.</subfield></datafield><datafield ind1=" " ind2=" " tag="260"><subfield code="a">Cleveland, Ohio :</subfield><subfield code="b">ComCorp,</subfield><subfield code="c">1969-1971.</subfield></datafield><datafield ind1=" " ind2=" " tag="300"><subfield code="a">v.</subfield></datafield><datafield ind1=" " ind2=" " tag="310"><subfield code="a">Weekly</subfield></datafield><datafield ind1="0" ind2=" " tag="362"><subfield code="a">49th year, no. 47 (Nov. 20, 1969)-v. 51, no. 4 (Jan. 28, 1971).</subfield></datafield><datafield ind1=" " ind2=" " tag="752"><subfield code="a">United States</subfield><subfield code="b">Ohio</subfield><subfield code="c">Cuyahoga</subfield><subfield code="d">Cleveland.</subfield></datafield><datafield ind1="0" ind2="0" tag="780"><subfield code="t">West Side news (Cleveland, Ohio)</subfield><subfield code="w">(DLC)sn 84028008</subfield></datafield><datafield ind1="0" ind2="0" tag="785"><subfield code="t">West Side sun (Cleveland, Ohio)</subfield><subfield code="w">(DLC)sn 90068437</subfield></datafield></record>